@inproceedings{reger2017checkable,
  title={Checkable Proofs for First-Order Theorem Proving.},
  author={Reger, Giles and Suda, Martin},
  booktitle={ARCADE@ CADE},
  pages={55--63},
  year={2017}
}

@book{smullyan1995first,
  title={First-order logic},
  author={Smullyan, Raymond M},
  year={1995},
  publisher={Courier Corporation}
}

@inproceedings{chihani2013foundational,
  title={Foundational proof certificates in first-order logic},
  author={Chihani, Zakaria and Miller, Dale and Renaud, Fabien},
  booktitle={International Conference on Automated Deduction},
  pages={162--177},
  year={2013},
  organization={Springer}
}

@article{sutcliffe2006semantic,
  title={Semantic derivation verification: Techniques and implementation},
  author={Sutcliffe, Geoff},
  journal={International Journal on Artificial Intelligence Tools},
  volume={15},
  number={06},
  pages={1053--1070},
  year={2006},
  publisher={World Scientific}
}

@inproceedings{besson2011flexible,
  title={A flexible proof format for {SMT}: A proposal},
  author={Besson, Fr{\'e}d{\'e}ric and Fontaine, Pascal and Th{\'e}ry, Laurent},
  year={2011}
}

@inproceedings{wetzler2014drat,
  title={DRAT-trim: Efficient checking and trimming using expressive clausal proofs},
  author={Wetzler, Nathan and Heule, Marijn JH and Hunt, Warren A},
  booktitle={International Conference on Theory and Applications of Satisfiability Testing},
  pages={422--429},
  year={2014},
  organization={Springer}
}

@inproceedings{cruz2017lrat,
  title={Efficient certified RAT verification},
  author={Cruz-Filipe, Lu{\'\i}s and Heule, Marijn JH and Hunt, Warren A and Kaufmann, Matt and Schneider-Kamp, Peter},
  booktitle={International Conference on Automated Deduction},
  pages={220--236},
  year={2017},
  organization={Springer}
}

@inproceedings{cruz2017grit,
  title={Efficient certified resolution proof checking},
  author={Cruz-Filipe, Lu{\'\i}s and Marques-Silva, Joao and Schneider-Kamp, Peter},
  booktitle={International Conference on Tools and Algorithms for the Construction and Analysis of Systems},
  pages={118--135},
  year={2017},
  organization={Springer}
}

@article{sutcliffe2009tptp,
  title={The {TPTP} problem library and associated infrastructure},
  author={Sutcliffe, Geoff},
  journal={Journal of Automated Reasoning},
  volume={43},
  number={4},
  pages={337},
  year={2009},
  publisher={Springer}
}

@article{zhang2004tstp,
  title={{TSTP} data-exchange formats for automated theorem proving tools},
  author={Sutcliffe, Geoff and Zimmer, JÃ¼rgen and Schulz, Stephan},
  journal={Distributed Constraint Problem Solving and Reasoning in Multi-Agent Systems},
  volume={112},
  pages={201},
  year={2004},
  publisher={IOS Press}
}

@inproceedings{barbosa2017scalable,
  title={Scalable fine-grained proofs for formula processing},
  author={Barbosa, Haniel and Blanchette, Jasmin Christian and Fontaine, Pascal},
  booktitle={International Conference on Automated Deduction},
  pages={398--412},
  year={2017},
  organization={Springer}
}

@inproceedings{chihani2015proof,
  title={The proof certifier checkers},
  author={Chihani, Zakaria and Libal, Tomer and Reis, Giselle},
  booktitle={International Conference on Automated Reasoning with Analytic Tableaux and Related Methods},
  pages={201--210},
  year={2015},
  organization={Springer}
}

@article{gentzen1935untersuchungen,
  title={Untersuchungen {\"u}ber das logische Schlie{\ss}en. I},
  author={Gentzen, Gerhard},
  journal={Mathematische zeitschrift},
  volume={39},
  number={1},
  pages={176--210},
  year={1935},
  publisher={Springer}
}

@inproceedings{de1972lambda,
  title={Lambda calculus notation with nameless dummies, a tool for automatic formula manipulation, with application to the Church-Rosser theorem},
  author={De Bruijn, Nicolaas Govert},
  booktitle={Indagationes Mathematicae (Proceedings)},
  volume={75},
  number={5},
  pages={381--392},
  year={1972},
  organization={North-Holland}
}

@article{barendregt2005challenge,
  title={The challenge of computer mathematics},
  author={Barendregt, Henk and Wiedijk, Freek},
  journal={Philosophical Transactions of the Royal Society A: Mathematical, Physical and Engineering Sciences},
  volume={363},
  number={1835},
  pages={2351--2375},
  year={2005},
  publisher={The Royal Society London}
}

@inproceedings{reger2017testing,
  title={Testing a saturation-based theorem prover: Experiences and challenges},
  author={Reger, Giles and Suda, Martin and Voronkov, Andrei},
  booktitle={International Conference on Tests and Proofs},
  pages={152--161},
  year={2017},
  organization={Springer}
}

@inproceedings{harrison2006towards,
  title={Towards self-verification of HOL Light},
  author={Harrison, John},
  booktitle={International Joint Conference on Automated Reasoning},
  pages={177--191},
  year={2006},
  organization={Springer}
}

@inproceedings{heule2013verifying,
  title={Verifying refutations with extended resolution},
  author={Heule, Marijn JH and Hunt, Warren A and Wetzler, Nathan},
  booktitle={International Conference on Automated Deduction},
  pages={345--359},
  year={2013},
  organization={Springer}
}

@article{heule2014bridging,
  title={Bridging the gap between easy generation and efficient verification of unsatisfiability proofs},
  author={Heule, Marijn JH and Hunt Jr, Warren A and Wetzler, Nathan},
  journal={Software Testing, Verification and Reliability},
  volume={24},
  number={8},
  pages={593--607},
  year={2014},
  publisher={Wiley Online Library}
}

@inproceedings{armand2011modular,
  title={A modular integration of SAT/SMT solvers to Coq through proof witnesses},
  author={Armand, Micha{\"e}l and Faure, Germain and Gr{\'e}goire, Benjamin and Keller, Chantal and Th{\'e}ry, Laurent and Werner, Benjamin},
  booktitle={International Conference on Certified Programs and Proofs},
  pages={135--150},
  year={2011},
  organization={Springer}
}

@article{carneiro2019metamath,
  title={Metamath Zero: The Cartesian Theorem Prover},
  author={Carneiro, Mario},
  journal={arXiv preprint arXiv:1910.10703},
  year={2019}
}

@inproceedings{bove2009brief,
  title={A brief overview of Agda--a functional language with dependent types},
  author={Bove, Ana and Dybjer, Peter and Norell, Ulf},
  booktitle={International Conference on Theorem Proving in Higher Order Logics},
  pages={73--78},
  year={2009},
  organization={Springer}
}

@article{godel1931formal,
  title={{\"U}ber formal unentscheidbare S{\"a}tze der Principia Mathematica und verwandter Systeme I},
  author={G{\"o}del, Kurt},
  journal={Monatshefte f{\"u}r mathematik und physik},
  volume={38},
  number={1},
  pages={173--198},
  year={1931},
  publisher={Springer}
}

@inproceedings{heule2017efficient,
  title={Efficient, verified checking of propositional proofs},
  author={Heule, Marijn and Hunt, Warren and Kaufmann, Matt and Wetzler, Nathan},
  booktitle={International Conference on Interactive Theorem Proving},
  pages={269--284},
  year={2017},
  organization={Springer}
}

@article{riazanov2002design,
  title={The design and implementation of VAMPIRE},
  author={Riazanov, Alexandre and Voronkov, Andrei},
  journal={AI communications},
  volume={15},
  number={2, 3},
  pages={91--110},
  year={2002},
  publisher={IOS Press}
}

@article{schulz2002brainiac,
  title={E--a brainiac theorem prover},
  author={Schulz, Stephan},
  journal={Ai Communications},
  volume={15},
  number={2, 3},
  pages={111--126},
  year={2002},
  publisher={IOS Press}
}

@inproceedings{kumar2014hol,
  title={HOL with definitions: Semantics, soundness, and a verified implementation},
  author={Kumar, Ramana and Arthan, Rob and Myreen, Magnus O and Owens, Scott},
  booktitle={International Conference on Interactive Theorem Proving},
  pages={308--324},
  year={2014},
  organization={Springer}
}
o
@article{davis2015reflective,
  title={The reflective Milawa theorem prover is sound (down to the machine code that runs it)},
  author={Davis, Jared and Myreen, Magnus O},
  journal={Journal of Automated Reasoning},
  volume={55},
  number={2},
  pages={117--183},
  year={2015},
  publisher={Springer}
}

@incollection{mccune2000ivy,
  title={IVY: A preprocessor and proof checker for first-order logic},
  author={McCune, William and Shumsky, Olga},
  booktitle={Computer-Aided reasoning},
  pages={265--281},
  year={2000},
  publisher={Springer}
}